@article{BailnMoreno2005,
  title = {Bibliometric laws: Empirical flaws of fit},
  volume = {63},
  ISSN = {1588-2861},
  url = {http://dx.doi.org/10.1007/s11192-005-0211-5},
  DOI = {10.1007/s11192-005-0211-5},
  number = {2},
  journal = {Scientometrics},
  publisher = {Springer Science and Business Media LLC},
  author = {Bailón-Moreno,  R. and Jurado-Alameda,  E. and Ruiz-Baños,  R. and Courtial,  J. P.},
  year = {2005},
  month = apr,
  pages = {209–229},
  keywords = {bradford}
}

@article{Glnzel2011,
  title = {Using ‘core documents’ for detecting and labelling new emerging topics},
  volume = {91},
  ISSN = {1588-2861},
  url = {http://dx.doi.org/10.1007/s11192-011-0591-7},
  DOI = {10.1007/s11192-011-0591-7},
  number = {2},
  journal = {Scientometrics},
  publisher = {Springer Science and Business Media LLC},
  author = {Gl\"{a}nzel,  Wolfgang and Thijs,  Bart},
  year = {2011},
  month = dec,
  pages = {399–416},
  keywords = {bradford}
}

@article{Mutschke2014,
  title = {Science models for search: a study on combining scholarly information retrieval and scientometrics},
  volume = {102},
  ISSN = {1588-2861},
  url = {http://dx.doi.org/10.1007/s11192-014-1485-2},
  DOI = {10.1007/s11192-014-1485-2},
  number = {3},
  journal = {Scientometrics},
  publisher = {Springer Science and Business Media LLC},
  author = {Mutschke,  Peter and Mayr,  Philipp},
  year = {2014},
  month = nov,
  pages = {2323–2345},
  keywords = {bradford}
}

@article{Nicolaisen2007,
  title = {Practical potentials of Bradford’s law: a critical examination of the received view},
  volume = {63},
  ISSN = {0022-0418},
  url = {http://dx.doi.org/10.1108/00220410710743298},
  DOI = {10.1108/00220410710743298},
  number = {3},
  journal = {Journal of Documentation},
  publisher = {Emerald},
  author = {Nicolaisen,  Jeppe and Hjørland,  Birger},
  year = {2007},
  month = may,
  pages = {359–377},
  keywords = {bradford}
}

@article{Shenton2011,
  title = {Bradford’s Law and its relevance to researchers},
  volume = {27},
  ISSN = {0167-8329},
  url = {http://dx.doi.org/10.3233/EFI-2009-0882},
  DOI = {10.3233/efi-2009-0882},
  number = {4},
  journal = {Education for Information},
  publisher = {SAGE Publications},
  author = {Shenton,  Andrew K. and Hay-Gibson,  Naomi V.},
  year = {2011},
  month = may,
  pages = {217–230},
  keywords = {bradford}
}

@article{Bradford1934,
author = {Bradford, Samuel C.},
title = {Sources of Information on Specific Subjects},
journal = {Engineering},
volume = {26},
number = {4},
year = {1934},
pages = {85--86},
keywords = {bradford}
}




@article{Campanario2011,
  title = {Empirical study of journal impact factors obtained using the classical two-year citation window versus a five-year citation window},
  volume = {87},
  ISSN = {1588-2861},
  url = {http://dx.doi.org/10.1007/s11192-010-0334-1},
  DOI = {10.1007/s11192-010-0334-1},
  number = {1},
  journal = {Scientometrics},
  publisher = {Springer Science and Business Media LLC},
  author = {Campanario,  Juan Miguel},
  year = {2011},
  month = jan,
  pages = {189–204},
  keywords = {citationwindows}
}

@article{Glnzel2004,
  title = {Towards a model for diachronous and synchronous citation analyses},
  volume = {60},
  ISSN = {0138-9130},
  url = {http://dx.doi.org/10.1023/B:SCIE.0000034391.06240.2a},
  DOI = {10.1023/b:scie.0000034391.06240.2a},
  number = {3},
  journal = {Scientometrics},
  publisher = {Springer Science and Business Media LLC},
  author = {Gl\"{a}nzel,  Wolfgang},
  year = {2004},
  pages = {511–522},
  keywords = {citationwindows}
}

@article{Glnzel2003,
  title = {Better late than never? On the chance to become highly cited only beyond the standard bibliometric time horizon},
  volume = {58},
  ISSN = {0138-9130},
  url = {http://dx.doi.org/10.1023/B:SCIE.0000006881.30700.ea},
  DOI = {10.1023/b:scie.0000006881.30700.ea},
  number = {3},
  journal = {Scientometrics},
  publisher = {Springer Science and Business Media LLC},
  author = {Gl\"{a}nzel,  Wolfgang and Schlemmer,  Balázs and Thijs,  Bart},
  year = {2003},
  pages = {571–586},
  keywords = {citationwindows}
}

@article{Wang2012,
  title = {Citation time window choice for research impact evaluation},
  volume = {94},
  ISSN = {1588-2861},
  url = {http://dx.doi.org/10.1007/s11192-012-0775-9},
  DOI = {10.1007/s11192-012-0775-9},
  number = {3},
  journal = {Scientometrics},
  publisher = {Springer Science and Business Media LLC},
  author = {Wang,  Jian},
  year = {2012},
  month = may,
  pages = {851–872},
  keywords = {citationwindows}
}


@article{Harzing2015,
  title = {Google Scholar,  Scopus and the Web of Science: a longitudinal and cross-disciplinary comparison},
  volume = {106},
  ISSN = {1588-2861},
  url = {http://dx.doi.org/10.1007/s11192-015-1798-9},
  DOI = {10.1007/s11192-015-1798-9},
  number = {2},
  journal = {Scientometrics},
  publisher = {Springer Science and Business Media LLC},
  author = {Harzing,  Anne-Wil and Alakangas,  Satu},
  year = {2015},
  month = nov,
  pages = {787–804},
  keywords = {coverage}
}

@article{Larsen2010,
  title = {The rate of growth in scientific publication and the decline in coverage provided by Science Citation Index},
  volume = {84},
  ISSN = {1588-2861},
  url = {http://dx.doi.org/10.1007/s11192-010-0202-z},
  DOI = {10.1007/s11192-010-0202-z},
  number = {3},
  journal = {Scientometrics},
  publisher = {Springer Science and Business Media LLC},
  author = {Larsen,  Peder Olesen and von Ins,  Markus},
  year = {2010},
  month = mar,
  pages = {575–603},
  keywords = {coverage}
}

@article{Mongeon2015,
  title = {The journal coverage of Web of Science and Scopus: a comparative analysis},
  volume = {106},
  ISSN = {1588-2861},
  url = {http://dx.doi.org/10.1007/s11192-015-1765-5},
  DOI = {10.1007/s11192-015-1765-5},
  number = {1},
  journal = {Scientometrics},
  publisher = {Springer Science and Business Media LLC},
  author = {Mongeon,  Philippe and Paul-Hus,  Adèle},
  year = {2015},
  month = oct,
  pages = {213–228},
  keywords = {coverage}
}

@report{Stahlschmidt2020,
author = {Stahlschmidt, Stephan and Dimity Stephen},
title = {{Comparison of Web of Science, Scopus and Dimensions Databases}},
location = {Berlin},
institution = {Deutsches Zentrum für Hochschul- und Wissenschaftsforschung},
date = {2020-10},
url = {https://bibliometrie.info/downloads/DZHW-Comparison-DIM-SCP-WOS.PDF},
keywords = {coverage}
}



@article{Daraio2016,
  title = {The advantages of an Ontology-Based Data Management approach: openness,  interoperability and data quality},
  volume = {108},
  ISSN = {1588-2861},
  url = {http://dx.doi.org/10.1007/s11192-016-1913-6},
  DOI = {10.1007/s11192-016-1913-6},
  number = {1},
  journal = {Scientometrics},
  publisher = {Springer Science and Business Media LLC},
  author = {Daraio,  Cinzia and Lenzerini,  Maurizio and Leporelli,  Claudio and Naggar,  Paolo and Bonaccorsi,  Andrea and Bartolucci,  Alessandro},
  year = {2016},
  month = mar,
  pages = {441–455},
  keywords = {disambiguation}
}

@article{Mller2017,
  title = {Data sets for author name disambiguation: an empirical analysis and a new resource},
  volume = {111},
  ISSN = {1588-2861},
  url = {http://dx.doi.org/10.1007/s11192-017-2363-5},
  DOI = {10.1007/s11192-017-2363-5},
  number = {3},
  journal = {Scientometrics},
  publisher = {Springer Science and Business Media LLC},
  author = {M\"{u}ller,  Mark-Christoph and Reitz,  Florian and Roy,  Nicolas},
  year = {2017},
  month = mar,
  pages = {1467–1500},
  keywords = {disambiguation}
}

@report{Rimmert2017,
author ={Rimmert, Christine and Schwechheimer, Holger and Winterhager, Matthias},
year = {2017},
title = {Disambiguation of author addresses in bibliometric databases - technical report},
location = {Bielefeld},
institution = {Universität Bielefeld, Institute for Interdisciplinary Studies of Science (I²SoS)},
url = {http://nbn-resolving.de/urn:nbn:de:0070-pub-29149447},
keywords = {disambiguation}
}

@article{Tang2010,
  title = {Bibliometric fingerprints: name disambiguation based on approximate structure equivalence of cognitive maps},
  volume = {84},
  ISSN = {1588-2861},
  url = {http://dx.doi.org/10.1007/s11192-010-0196-6},
  DOI = {10.1007/s11192-010-0196-6},
  number = {3},
  journal = {Scientometrics},
  publisher = {Springer Science and Business Media LLC},
  author = {Tang,  Li and Walsh,  John P.},
  year = {2010},
  month = apr,
  pages = {763–784},
  keywords = {disambiguation}
}



@article{CLEVERDON1972,
  title = {On the inverse relationship of Recall and Precision},
  volume = {28},
  ISSN = {0022-0418},
  url = {http://dx.doi.org/10.1108/eb026538},
  DOI = {10.1108/eb026538},
  number = {3},
  journal = {Journal of Documentation},
  publisher = {Emerald},
  author = {Cleverdon,  Cyril W.},
  year = {1972},
  month = mar,
  pages = {195–201},
  keywords = {precisionrecall}
}

@article{https://doi.org/10.48550/arxiv.2010.16061,
  doi = {10.48550/ARXIV.2010.16061},
  url = {https://arxiv.org/abs/2010.16061},
  author = {Powers,  David M. W.},
  title = {Evaluation: from precision,  recall and F-measure to ROC,  informedness,  markedness and correlation},
  publisher = {arXiv},
  year = {2020},
  copyright = {arXiv.org perpetual,  non-exclusive license},
  journal = {International Journal of Machine Learning Technology},
  volume = {2},
  number = {1},
  pages = {37--63},
  keywords = {precisionrecall}
}

@book{BaezaYates2011,
title = {{Modern Information Retrieval}},
subtitle = {the concepts and technology behind search},
year = {2011},
edition = {2. ed.},
author = {Baeza-Yates, Ricardo and Ribeiro-Neto, Berthier},
publisher = {Addison-Wesley Publishing Company},
keywords = {precisionrecall}
}

@book{Manning2009,
author = {Christopher D. Manning and Prabhakar Raghavan and Hinrich Schütze},
title = {Introduction to Information Retrieval},
publisher = {Cambridge University Press},
year = {2009},
url = {https://nlp.stanford.edu/IR-book/pdf/irbookonlinereading.pdf},
keywords = {precisionrecall}
}



@article{Egghe2012,
  title = {Averages of ratios compared to ratios of averages: Mathematical results},
  volume = {6},
  ISSN = {1751-1577},
  url = {http://dx.doi.org/10.1016/j.joi.2011.12.007},
  DOI = {10.1016/j.joi.2011.12.007},
  number = {2},
  journal = {Journal of Informetrics},
  publisher = {Elsevier BV},
  author = {Egghe,  L.},
  year = {2012},
  month = apr,
  pages = {307–317},
  keywords = {aor}
}

@article{Egghe1996,
  title = {Average and global impact of a set of journals},
  volume = {36},
  ISSN = {1588-2861},
  url = {http://dx.doi.org/10.1007/BF02126648},
  DOI = {10.1007/bf02126648},
  number = {1},
  journal = {Scientometrics},
  publisher = {Springer Science and Business Media LLC},
  author = {Egghe,  L. and Rousseau,  R.},
  year = {1996},
  month = may,
  pages = {97–107},
  keywords = {aor}
}

@article{Larivire2011,
  title = {Averages of ratios vs. ratios of averages: An empirical analysis of four levels of aggregation},
  volume = {5},
  ISSN = {1751-1577},
  url = {http://dx.doi.org/10.1016/j.joi.2011.02.001},
  DOI = {10.1016/j.joi.2011.02.001},
  number = {3},
  journal = {Journal of Informetrics},
  publisher = {Elsevier BV},
  author = {Larivière,  Vincent and Gingras,  Yves},
  year = {2011},
  month = jul,
  pages = {392–399},
  keywords = {aor}
}

@article{Vinkler1996,
  title = {Model for quantitative selection of relative scientometric impact indicators},
  volume = {36},
  ISSN = {1588-2861},
  url = {http://dx.doi.org/10.1007/BF02017315},
  DOI = {10.1007/bf02017315},
  number = {2},
  journal = {Scientometrics},
  publisher = {Springer Science and Business Media LLC},
  author = {Vinkler,  P.},
  year = {1996},
  month = jun,
  pages = {223–236},
  keywords = {aor}
}



@article{ElGibari2022,
  title = {Combining reference point based composite indicators with data envelopment analysis: application to the assessment of universities},
  volume = {127},
  ISSN = {1588-2861},
  url = {http://dx.doi.org/10.1007/s11192-022-04436-0},
  DOI = {10.1007/s11192-022-04436-0},
  number = {8},
  journal = {Scientometrics},
  publisher = {Springer Science and Business Media LLC},
  author = {El Gibari,  Samira and Gómez,  Trinidad and Ruiz,  Francisco},
  year = {2022},
  month = jul,
  pages = {4363–4395},
  keywords = {compositeindicators}
}

@article{Johnes2018,
  title = {University rankings: What do they really show?},
  volume = {115},
  ISSN = {1588-2861},
  url = {http://dx.doi.org/10.1007/s11192-018-2666-1},
  DOI = {10.1007/s11192-018-2666-1},
  number = {1},
  journal = {Scientometrics},
  publisher = {Springer Science and Business Media LLC},
  author = {Johnes,  Jill},
  year = {2018},
  month = feb,
  pages = {585–606},
  keywords = {compositeindicators}
}

@article{Makkonen2012,
  title = {Benchmarking regional innovative performance: composite measures and direct innovation counts},
  volume = {94},
  ISSN = {1588-2861},
  url = {http://dx.doi.org/10.1007/s11192-012-0753-2},
  DOI = {10.1007/s11192-012-0753-2},
  number = {1},
  journal = {Scientometrics},
  publisher = {Springer Science and Business Media LLC},
  author = {Makkonen,  Teemu and van der Have,  Robert P.},
  year = {2012},
  month = may,
  pages = {247–262},
  keywords = {compositeindicators}
}

@article{Moon2005,
  title = {A fuzzy set theory approach to national composite S\&T indices},
  volume = {64},
  ISSN = {1588-2861},
  url = {http://dx.doi.org/10.1007/s11192-005-0238-7},
  DOI = {10.1007/s11192-005-0238-7},
  number = {1},
  journal = {Scientometrics},
  publisher = {Springer Science and Business Media LLC},
  author = {Moon,  Hye-Seon and Lee,  Jeong-Dong},
  year = {2005},
  month = jul,
  pages = {67–83},
  keywords = {compositeindicators}
}

@article{Nasir2010,
  title = {Technology achievement index 2009: ranking and comparative study of nations},
  volume = {87},
  ISSN = {1588-2861},
  url = {http://dx.doi.org/10.1007/s11192-010-0285-6},
  DOI = {10.1007/s11192-010-0285-6},
  number = {1},
  journal = {Scientometrics},
  publisher = {Springer Science and Business Media LLC},
  author = {Nasir,  Anthony and Ali,  Tariq Mahmood and Shahdin,  Sheikh and Rahman,  Tariq Ur},
  year = {2010},
  month = sep,
  pages = {41–62},
  keywords = {compositeindicators}
}

@report{OECD2008,
author = {{OECD/European Union/EC-JRC}},
year = {2008},
title = {Handbook on Constructing Composite Indicators},
subtitle = {Methodology and User Guide},
publisher = {OECD Publishing},
location = {Paris},
doi = {10.1787/9789264043466-en},
keywords = {compositeindicators}
}

@article{Vinkler2006,
  title = {Composite scientometric indicators for evaluating publications of research institutes},
  volume = {68},
  ISSN = {1588-2861},
  url = {http://dx.doi.org/10.1007/s11192-006-0123-z},
  DOI = {10.1007/s11192-006-0123-z},
  number = {3},
  journal = {Scientometrics},
  publisher = {Springer Science and Business Media LLC},
  author = {Vinkler,  Péter},
  year = {2006},
  month = sep,
  pages = {629–642},
  keywords = {compositeindicators}
}




@article{Aksnes2012,
  title = {Ranking national research systems by citation indicators. A comparative analysis using whole and fractionalised counting methods},
  volume = {6},
  ISSN = {1751-1577},
  url = {http://dx.doi.org/10.1016/j.joi.2011.08.002},
  DOI = {10.1016/j.joi.2011.08.002},
  number = {1},
  journal = {Journal of Informetrics},
  publisher = {Elsevier BV},
  author = {Aksnes,  Dag W. and Schneider,  Jesper W. and Gunnarsson,  Magnus},
  year = {2012},
  month = jan,
  pages = {36–43},
  keywords = {fractionalcounting}
}

@article{Cronin2001,
  title = {Hyperauthorship: A postmodern perversion or evidence of a structural shift in scholarly communication practices?},
  volume = {52},
  ISSN = {1532-2890},
  url = {http://dx.doi.org/10.1002/asi.1097},
  DOI = {10.1002/asi.1097},
  number = {7},
  journal = {Journal of the American Society for Information Science and Technology},
  publisher = {Wiley},
  author = {Cronin,  Blaise},
  year = {2001},
  month = jan,
  pages = {558–569},
  keywords = {fractionalcounting}
}

@article{Donner2024,
  title = {Remarks on modified fractional counting},
  volume = {18},
  ISSN = {1751-1577},
  url = {http://dx.doi.org/10.1016/j.joi.2024.101585},
  DOI = {10.1016/j.joi.2024.101585},
  number = {4},
  journal = {Journal of Informetrics},
  publisher = {Elsevier BV},
  author = {Donner,  Paul},
  year = {2024},
  month = nov,
  pages = {101585},
  keywords = {fractionalcounting}
}

@article{Gauffriau2008,
  title = {Comparisons of results of publication counting using different methods},
  volume = {77},
  ISSN = {1588-2861},
  url = {http://dx.doi.org/10.1007/s11192-007-1934-2},
  DOI = {10.1007/s11192-007-1934-2},
  number = {1},
  journal = {Scientometrics},
  publisher = {Springer Science and Business Media LLC},
  author = {Gauffriau,  Marianne and Larsen,  Peder Olesen and Maye,  Isabelle and Roulin-Perriard,  Anne and von Ins,  Markus},
  year = {2008},
  month = jul,
  pages = {147–176},
  keywords = {fractionalcounting}
}

@misc{https://doi.org/10.48550/arxiv.1006.2896,
  doi = {10.48550/ARXIV.1006.2896},
  url = {https://arxiv.org/abs/1006.2896},
  author = {Leydesdorff,  Loet and Opthof,  Tobias},
  title = {Normalization at the field level: fractional counting of citations},
  publisher = {arXiv},
  year = {2010},
  copyright = {arXiv.org perpetual,  non-exclusive license},
  keywords = {fractionalcounting}
}

@article{Sivertsen2019,
  title = {Measuring scientific contributions with modified fractional counting},
  volume = {13},
  ISSN = {1751-1577},
  url = {http://dx.doi.org/10.1016/j.joi.2019.03.010},
  DOI = {10.1016/j.joi.2019.03.010},
  number = {2},
  journal = {Journal of Informetrics},
  publisher = {Elsevier BV},
  author = {Sivertsen,  Gunnar and Rousseau,  Ronald and Zhang,  Lin},
  year = {2019},
  month = may,
  pages = {679–694},
  keywords = {fractionalcounting}
}

@article{Waltman2015,
  title = {Field-normalized citation impact indicators and the choice of an appropriate counting method},
  volume = {9},
  ISSN = {1751-1577},
  url = {http://dx.doi.org/10.1016/j.joi.2015.08.001},
  DOI = {10.1016/j.joi.2015.08.001},
  number = {4},
  journal = {Journal of Informetrics},
  publisher = {Elsevier BV},
  author = {Waltman,  Ludo and van Eck,  Nees Jan},
  year = {2015},
  month = oct,
  pages = {872–894},
  keywords = {fractionalcounting}
}


@article{Bornmann2020,
  title = {Should citations be field-normalized in evaluative bibliometrics? An empirical analysis based on propensity score matching},
  volume = {14},
  ISSN = {1751-1577},
  url = {http://dx.doi.org/10.1016/j.joi.2020.101098},
  DOI = {10.1016/j.joi.2020.101098},
  number = {4},
  journal = {Journal of Informetrics},
  publisher = {Elsevier BV},
  author = {Bornmann,  Lutz and Haunschild,  Robin and Mutz,  R\"{u}diger},
  year = {2020},
  month = nov,
  pages = {101098},
  keywords = {fieldnormalization}
}

@article{Bornmann2020b,
  title = {How can citation impact in bibliometrics be normalized? A new approach combining citing-side normalization and citation percentiles},
  volume = {1},
  ISSN = {2641-3337},
  url = {http://dx.doi.org/10.1162/qss_a_00089},
  DOI = {10.1162/qss_a_00089},
  number = {4},
  journal = {Quantitative Science Studies},
  publisher = {MIT Press},
  author = {Bornmann,  Lutz},
  year = {2020},
  month = dec,
  pages = {1553–1569},
  keywords = {fieldnormalization}
}

@article{Heintz2010,
  title = {Numerische Differenz. \"{U}berlegungen zu einer Soziologie des (quantitativen) Vergleichs / Numerical Difference. Toward a Sociology of (Quantitative) Comparisons},
  volume = {39},
  ISSN = {0340-1804},
  url = {http://dx.doi.org/10.1515/zfsoz-2010-0301},
  DOI = {10.1515/zfsoz-2010-0301},
  number = {3},
  journal = {Zeitschrift f\"{u}r Soziologie},
  publisher = {Walter de Gruyter GmbH},
  author = {Heintz,  Bettina},
  year = {2010},
  month = jun,
  pages = {162–181},
  keywords = {fieldnormalization}
}

@article{Hicks2015,
  title = {Bibliometrics: The Leiden Manifesto for research metrics},
  volume = {520},
  ISSN = {1476-4687},
  url = {http://dx.doi.org/10.1038/520429a},
  DOI = {10.1038/520429a},
  number = {7548},
  journal = {Nature},
  publisher = {Springer Science and Business Media LLC},
  author = {Hicks,  Diana and Wouters,  Paul and Waltman,  Ludo and de Rijcke,  Sarah and Rafols,  Ismael},
  year = {2015},
  month = apr,
  pages = {429–431},
  keywords = {fieldnormalization}
}

@article{Merton1968,
  title = {The Matthew Effect in Science: The reward and communication systems of science are considered.},
  volume = {159},
  ISSN = {1095-9203},
  url = {http://dx.doi.org/10.1126/science.159.3810.56},
  DOI = {10.1126/science.159.3810.56},
  number = {3810},
  journal = {Science},
  publisher = {American Association for the Advancement of Science (AAAS)},
  author = {Merton,  Robert K.},
  year = {1968},
  month = jan,
  pages = {56–63},
  keywords = {fieldnormalization}
}

@article{Moed2010,
  title = {Measuring contextual citation impact of scientific journals},
  volume = {4},
  ISSN = {1751-1577},
  url = {http://dx.doi.org/10.1016/j.joi.2010.01.002},
  DOI = {10.1016/j.joi.2010.01.002},
  number = {3},
  journal = {Journal of Informetrics},
  publisher = {Elsevier BV},
  author = {Moed,  Henk F.},
  year = {2010},
  month = jul,
  pages = {265–277},
  keywords = {fieldnormalization}
}



@article{BarIlan2007,
  title = {Which h-index? — A comparison of WoS,  Scopus and Google Scholar},
  volume = {74},
  ISSN = {1588-2861},
  url = {http://dx.doi.org/10.1007/s11192-008-0216-y},
  DOI = {10.1007/s11192-008-0216-y},
  number = {2},
  journal = {Scientometrics},
  publisher = {Springer Science and Business Media LLC},
  author = {Bar-Ilan,  Judit},
  year = {2007},
  month = nov,
  pages = {257–271},
  keywords = {hindex}
}

@article{Bornmann2007,
  title = {What do we know about the h index?},
  volume = {58},
  ISSN = {1532-2890},
  url = {http://dx.doi.org/10.1002/asi.20609},
  DOI = {10.1002/asi.20609},
  number = {9},
  journal = {Journal of the American Society for Information Science and Technology},
  publisher = {Wiley},
  author = {Bornmann,  Lutz and Daniel,  Hans‐Dieter},
  year = {2007},
  month = jun,
  pages = {1381–1385},
  keywords = {hindex}
}

@article{Hirsch2005,
  title = {An index to quantify an individual’s scientific research output},
  volume = {102},
  ISSN = {1091-6490},
  url = {http://dx.doi.org/10.1073/pnas.0507655102},
  DOI = {10.1073/pnas.0507655102},
  number = {46},
  journal = {Proceedings of the National Academy of Sciences},
  publisher = {Proceedings of the National Academy of Sciences},
  author = {Hirsch,  J. E.},
  year = {2005},
  month = nov,
  pages = {16569–16572},
  keywords = {hindex}
}

@article{vanRaan2006,
  title = {Comparison of the Hirsch-index with standard bibliometric indicators and with peer judgment for 147 chemistry research groups},
  volume = {67},
  ISSN = {1588-2861},
  url = {http://dx.doi.org/10.1556/Scient.67.2006.3.10},
  DOI = {10.1556/scient.67.2006.3.10},
  number = {3},
  journal = {Scientometrics},
  publisher = {Springer Science and Business Media LLC},
  author = {van Raan,  Anthony F. J.},
  year = {2006},
  month = jun,
  pages = {491–502},
  keywords = {hindex}
}

@article{Egghe2010,
  title = {The Hirsch index and related impact measures},
  volume = {44},
  ISSN = {1550-8382},
  url = {http://dx.doi.org/10.1002/aris.2010.1440440109},
  DOI = {10.1002/aris.2010.1440440109},
  number = {1},
  journal = {Annual Review of Information Science and Technology},
  publisher = {Wiley},
  author = {Egghe,  Leo},
  year = {2010},
  month = jan,
  pages = {65–114},
  keywords = {hindex}
}



@article{Bornmann2011,
  title = {Further steps towards an ideal method of measuring citation performance: The avoidance of citation (ratio) averages in field-normalization},
  volume = {5},
  ISSN = {1751-1577},
  url = {http://dx.doi.org/10.1016/j.joi.2010.10.009},
  DOI = {10.1016/j.joi.2010.10.009},
  number = {1},
  journal = {Journal of Informetrics},
  publisher = {Elsevier BV},
  author = {Bornmann,  Lutz and Mutz,  R\"{u}diger},
  year = {2011},
  month = jan,
  pages = {228–230},
  keywords = {percentilebasedindicators}
}

@article{Bornmann2020a,
  title = {An evaluation of percentile measures of citation impact,  and a proposal for making them better},
  volume = {124},
  ISSN = {1588-2861},
  url = {http://dx.doi.org/10.1007/s11192-020-03512-7},
  DOI = {10.1007/s11192-020-03512-7},
  number = {2},
  journal = {Scientometrics},
  publisher = {Springer Science and Business Media LLC},
  author = {Bornmann,  Lutz and Williams,  Richard},
  year = {2020},
  month = may,
  pages = {1457–1478},
  keywords = {percentilebasedindicators}
}

@article{Pudovkin2009,
  title = {Percentile Rank and Author Superiority Indexes for Evaluating Individual Journal Articles and the Author’s Overall Citation Performance},
  volume = {3},
  ISSN = {2168-930X},
  url = {http://dx.doi.org/10.1080/09737766.2009.10700871},
  DOI = {10.1080/09737766.2009.10700871},
  number = {2},
  journal = {Collnet Journal of Scientometrics and Information Management},
  publisher = {Taru Publications},
  author = {Pudovkin,  A.I. and Garfield,  E.},
  year = {2009},
  month = dec,
  pages = {3–10},
  keywords = {percentilebasedindicators}
}

@article{Tijssen2002,
  volume = {54},
  ISSN = {0138-9130},
  url = {http://dx.doi.org/10.1023/A:1016082432660},
  DOI = {10.1023/a:1016082432660},
  number = {3},
  journal = {Scientometrics},
  publisher = {Springer Science and Business Media LLC},
  author = {Tijssen,  Robert J. W. and Visser,  Martijn S. and van Leeuwen,  Thed N.},
  year = {2002},
  pages = {381–397},
  title = {Benchmarking international scientific excellence: Are highly cited research papers an appropriate frame of reference?},
  keywords = {percentilebasedindicators}
}

@article{vanLeeuwen2003,
  volume = {57},
  ISSN = {0138-9130},
  url = {http://dx.doi.org/10.1023/A:1024141819302},
  DOI = {10.1023/a:1024141819302},
  number = {2},
  journal = {Scientometrics},
  publisher = {Springer Science and Business Media LLC},
  author = {van Leeuwen,  Thed N.},
  year = {2003},
  pages = {257–280},
  title = {The Holy Grail of science policy: Exploring and combining bibliometric tools in search of scientific excellence},
  keywords = {percentilebasedindicators}
}

@article{Waltman2012,
  title = {On the calculation of percentile‐based bibliometric indicators},
  volume = {64},
  ISSN = {1532-2890},
  url = {http://dx.doi.org/10.1002/asi.22775},
  DOI = {10.1002/asi.22775},
  number = {2},
  journal = {Journal of the American Society for Information Science and Technology},
  publisher = {Wiley},
  author = {Waltman,  Ludo and Schreiber,  Michael},
  year = {2012},
  month = dec,
  pages = {372–379},
  keywords = {percentilebasedindicators}
}



@article{Glnzel1996,
  title = {A new methodological approach to bibliographic coupling and its application to the national,  regional and institutional level},
  volume = {37},
  ISSN = {1588-2861},
  url = {http://dx.doi.org/10.1007/BF02093621},
  DOI = {10.1007/bf02093621},
  number = {2},
  journal = {Scientometrics},
  publisher = {Springer Science and Business Media LLC},
  author = {Gl\"{a}nzel,  W. and Czerwon,  H. J.},
  year = {1996},
  month = oct,
  pages = {195–221},
  keywords = {bibliographiccoupling}
}

@article{Jarneving2005,
  title = {A comparison of two bibliometric methods for mapping of the research front},
  volume = {65},
  ISSN = {1588-2861},
  url = {http://dx.doi.org/10.1007/s11192-005-0270-7},
  DOI = {10.1007/s11192-005-0270-7},
  number = {2},
  journal = {Scientometrics},
  publisher = {Springer Science and Business Media LLC},
  author = {Jarneving,  Bo},
  year = {2005},
  month = nov,
  pages = {245–263},
  keywords = {bibliographiccoupling}
}

@article{Kessler1963,
  title = {Bibliographic coupling between scientific papers},
  volume = {14},
  ISSN = {1936-6108},
  url = {http://dx.doi.org/10.1002/asi.5090140103},
  DOI = {10.1002/asi.5090140103},
  number = {1},
  journal = {American Documentation},
  publisher = {Wiley},
  author = {Kessler,  M. M.},
  year = {1963},
  month = jan,
  pages = {10–25},
  keywords = {bibliographiccoupling}
}

@article{Kessler1963a,
  title = {Bibliographic coupling extended in time: Ten case histories},
  volume = {1},
  ISSN = {0020-0271},
  url = {http://dx.doi.org/10.1016/0020-0271(63)90016-0},
  DOI = {10.1016/0020-0271(63)90016-0},
  number = {4},
  journal = {Information Storage and Retrieval},
  publisher = {Elsevier BV},
  author = {Kessler,  M.M.},
  year = {1963},
  month = nov,
  pages = {169–187},
  keywords = {bibliographiccoupling}
}

@article{Weinberg1974,
  title = {Bibliographic coupling: A review},
  volume = {10},
  ISSN = {0020-0271},
  url = {http://dx.doi.org/10.1016/0020-0271(74)90058-8},
  DOI = {10.1016/0020-0271(74)90058-8},
  number = {5–6},
  journal = {Information Storage and Retrieval},
  publisher = {Elsevier BV},
  author = {Weinberg,  Bella Hass},
  year = {1974},
  month = may,
  pages = {189–196},
  keywords = {bibliographiccoupling}
}

@article{Zhao2008,
  title = {Evolution of research activities and intellectual influences in information science 1996–2005: Introducing author bibliographic‐coupling analysis},
  volume = {59},
  ISSN = {1532-2890},
  url = {http://dx.doi.org/10.1002/asi.20910},
  DOI = {10.1002/asi.20910},
  number = {13},
  journal = {Journal of the American Society for Information Science and Technology},
  publisher = {Wiley},
  author = {Zhao,  Dangzhi and Strotmann,  Andreas},
  year = {2008},
  month = jul,
  pages = {2070–2086},
  keywords = {bibliographiccoupling}
}



@article{Small1973,
  title = {Co‐citation in the scientific literature: A new measure of the relationship between two documents},
  volume = {24},
  ISSN = {1097-4571},
  url = {http://dx.doi.org/10.1002/asi.4630240406},
  DOI = {10.1002/asi.4630240406},
  number = {4},
  journal = {Journal of the American Society for Information Science},
  publisher = {Wiley},
  author = {Small,  Henry},
  year = {1973},
  month = jul,
  pages = {265–269},
  keywords = {cocitation}
}

@article{White1981,
  title = {Author cocitation: A literature measure of intellectual structure},
  volume = {32},
  ISSN = {1097-4571},
  url = {http://dx.doi.org/10.1002/asi.4630320302},
  DOI = {10.1002/asi.4630320302},
  number = {3},
  journal = {Journal of the American Society for Information Science},
  publisher = {Wiley},
  author = {White,  Howard D. and Griffith,  Belver C.},
  year = {1981},
  month = may,
  pages = {163–171},
  keywords = {cocitation}
}



@article{Blondel2008,
  title = {Fast unfolding of communities in large networks},
  volume = {2008},
  ISSN = {1742-5468},
  url = {http://dx.doi.org/10.1088/1742-5468/2008/10/P10008},
  DOI = {10.1088/1742-5468/2008/10/p10008},
  number = {10},
  journal = {Journal of Statistical Mechanics: Theory and Experiment},
  publisher = {IOP Publishing},
  author = {Blondel,  Vincent D and Guillaume,  Jean-Loup and Lambiotte,  Renaud and Lefebvre,  Etienne},
  year = {2008},
  month = oct,
  pages = {P10008},
  keywords = {communitydetection}
}

@article{Clauset2004,
  title = {Finding community structure in very large networks},
  volume = {70},
  ISSN = {1550-2376},
  url = {http://dx.doi.org/10.1103/PhysRevE.70.066111},
  DOI = {10.1103/physreve.70.066111},
  number = {6},
  journal = {Physical Review E},
  publisher = {American Physical Society (APS)},
  author = {Clauset,  Aaron and Newman,  M. E. J. and Moore,  Cristopher},
  year = {2004},
  keywords = {communitydetection}
}

@book{Luke2015,
  title = {A User’s Guide to Network Analysis in R},
  ISBN = {9783319238838},
  ISSN = {2197-5744},
  url = {http://dx.doi.org/10.1007/978-3-319-23883-8},
  DOI = {10.1007/978-3-319-23883-8},
  journal = {Use R!},
  publisher = {Springer International Publishing},
  author = {Luke,  Douglas},
  year = {2015},
  keywords = {communitydetection}
}

@article{Newman2004,
  title = {Finding and evaluating community structure in networks},
  volume = {69},
  ISSN = {1550-2376},
  url = {http://dx.doi.org/10.1103/PhysRevE.69.026113},
  DOI = {10.1103/physreve.69.026113},
  number = {2},
  journal = {Physical Review E},
  publisher = {American Physical Society (APS)},
  author = {Newman,  M. E. J. and Girvan,  M.},
  year = {2004},
  keywords = {communitydetection}
}

@article{Traag2019,
  title = {From Louvain to Leiden: guaranteeing well-connected communities},
  volume = {9},
  ISSN = {2045-2322},
  url = {http://dx.doi.org/10.1038/s41598-019-41695-z},
  DOI = {10.1038/s41598-019-41695-z},
  number = {1},
  journal = {Scientific Reports},
  publisher = {Springer Science and Business Media LLC},
  author = {Traag,  V. A. and Waltman,  L. and van Eck,  N. J.},
  year = {2019},
  keywords = {communitydetection}
}

@article{Traag2023,
  title = {Large network community detection by fast label propagation},
  volume = {13},
  ISSN = {2045-2322},
  url = {http://dx.doi.org/10.1038/s41598-023-29610-z},
  DOI = {10.1038/s41598-023-29610-z},
  number = {1},
  journal = {Scientific Reports},
  publisher = {Springer Science and Business Media LLC},
  author = {Traag,  Vincent A. and Šubelj,  Lovro},
  year = {2023},
  keywords = {communitydetection}
}